@MISC{cstugWeb,
	author =       "Petr Sojka and others",
	title =        "{\it Československé sdružení uživatelů {\TeX}u}",
	url =          "http://www.cstug.cz",
	note =         "[Online; navštíveno 12.05.2016]"
}

@MISC{fitWeb,
	author =       "Zdena Rábová and Petr Hanáček and Petr Peringer and Petr Přikryl and Bohuslav Křena",
	title =        "{\it Užitečné rady pro psaní odborného textu}",
	howpublished = "FIT VUT v Brně",
	year =         "2008",
	month =        Nov,
	url =          "http://www.fit.vutbr.cz/info/statnice/psani_textu.html",
	note =         "[Online; navštíveno 12.05.2015]"
}

@MISC{citace,
	author =       "Zdena Rábová and Petr Hanáček and Petr Peringer and Petr Přikryl and Bohuslav Křena",
	title =        "{\it Pravidla pro bibliografické citace}",
	howpublished = "FIT VUT v Brně",
	year =         "2014",
	month =        Mar,
	url =          "http://www.fit.vutbr.cz/info/szz/bib_citace.html",
	note =         "[Online; navštíveno 12.07.2016]"
}

@MISC{biblio,
	author =       "Olga Biernátová and Jan Skůpa",
	title =        "{\it Bibliografické odkazy a citace dokumentů}",
	url =          "http://www.citace.com/download/CSN-ISO-690.pdf",
	month =        Sep,
	year =         "2011",
	note =         "[Online; navštíveno 14.07.2017]"
}

@MISC{formalniBP,
	author =       "Zdena Rábová and Petr Přikryl and Petr Peringer and Petr Lampa and Bohuslav Křena",
	title =        "{\it Závazné pokyny pro vypracování a odevzdání bakalářské práce}",
	url =          "http://www.fit.vutbr.cz/info/szz/pokyny_bp.php",
	note =         "[Online; navštíveno 30.06.2016]"
}

@MISC{smernice,
	author =       "Miroslav Doupovec and Kamil Gregorek",
	title =        "{\it Směrnice rektora č. 2/2009 -- Úprava, odevzdávání, zveřejňování a uchovávání vysokoškolských kvalifikačních prací}",
	url =          "https://www.vutbr.cz/uredni-deska/vnitrni-predpisy-a-dokumenty/smernice-rektora-f34920/smernice-rektora-c-2-2009-uprava-odevzdavani-zverejnovani-a-uchovavani-vysokoskolskych-kvalifikacnich-praci-d39448/",
	note =         "[Online; navštíveno 30.06.2016]"
}

@MISC{prirucka,
	key =          "Cerna",
	author =       "Anna Černá and Jan Chromý and Hana Konečná and others",
	title =        "{\it Internetová jazyková příručka -- Ústav pro jazyk český Akademie věd ČR, v. v. i.}",
	howpublished = "Centrum zpracování přirozeného jazyka FI MU",
	url =          "http://prirucka.ujc.cas.cz/",
	note =         "[Online; navštíveno 15.07.2016]"
}

@MISC{Herout,
	author =       "Adam Herout",
	title =        "{\it herout.net -- Poznámky učitele, kouče, čtenáře.}",
	url =          "http://www.herout.net/",
	note =         "[Online; navštíveno 15.07.2016]"
}

@MISC{chyby,
	author =       "Igor Szöke",
	title =        "{\it Textová část BP/DP - Lessons learned}",
	url =          "http://blog.igor.szoke.cz/2012/01/textova-cast-bpdp-lessons-learned-1.html",
	note =         "[Online; navštíveno 15.07.2016]"
}

@MISC{rady,
	author =       "Igor Szöke",
	title =        "{\it Píšete diplomku? 15+1 rad, které vám pomohou.}",
	url =          "http://blog.igor.szoke.cz/2011/12/pisete-diplomku-151-rad-ktere-vam.html",
	note =         "[Online; navštíveno 15.07.2016]"
}

@MISC{Beran,
	author =       "Vítězslav Beran",
	title =        "{\it Beran-BP DP Projekty}",
	url =          "http://merlin.fit.vutbr.cz/wiki/index.php/Beran-BP_DP_Projekty",
	note =         "[Online; navštíveno 15.07.2016]"
}

@MISC{BeranPDF,
	author =       "Vítězslav Beran",
	title =        "{\it Jak psát technickou zprávu}",
	url =          "http://www.fit.vutbr.cz/~beranv/podpora/Jak%20psat%20technickou%20zpravu.pdf",
	note =         "[Online; navštíveno 15.07.2016]"
}

@MISC{Cernocky,
	key =          "Cernocky",
	author =       "Jan Černocký",
	title =        "{\it Cernocky BP DP-obecne}",
	url =          "http://merlin.fit.vutbr.cz/wiki/index.php/Cernocky_BP_DP-obecne",
	note =         "[Online; navštíveno 25.07.2016]"
}

@MISC{CernockyEnglish,
	key =          "Cernocky",
	author =       "Jan Černocký",
	title =        "{\it English SOS}",
	url =          "https://merlin.fit.vutbr.cz/wiki/index.php/English_SOS",
	note =         "[Online; navštíveno 25.07.2016]"
}

@MISC{Zemcik,
	author =       "Pavel Zemčík",
	title =        "{\it Všeobecné pokyny pro studenty a vůbec}",
	url =          "http://www.fit.vutbr.cz/~zemcik/Pokyny.pdf",
	note =         "[Online; navštíveno 25.07.2016]"
}

@BOOK{Lebrun2011,
	author =       {Jean-Luc Lebrun},
	title =        {Scientific Writing 2.0: a reader and writer's guide},
	publisher =    {World Scientific Publishing},
	year =         {2011},
	note =         {ISBN: 9814350605},
	owner =        {herout},
	timestamp =    {2015.01.20}
}

@ONLINE{SETI,
	publisher = "National Science Foundation, NASA",
	title = "SETI@home",
	year = "2018",
	url = "http://setiathome.berkeley.edu/",
	urldate = {2018.01.14}
}

@TECHREPORT{TR_TARZAN,
	author = {Radek Hranick{\'{y}} and Luk{\'{a}}{\v{s}} Zobal and
		Vojt{\v{e}}ch Ve{\v{c}}e{\v{r}}a},
	title = {Distribuovan{\'{a}} obnova hesel},
	pages = {14},
	year = {2017},
	location = {FIT-TR-2017-04, CZ},
	language = {czech},
	url = {http://www.fit.vutbr.cz/research/view_pub.php.cs?id=11568}
}

@ONLINE{unittest,
	publisher = "Python Software Foundation",
	title = "Unit testing framework",
	year = 2018,
	url = "https://docs.python.org/3.6/library/unittest.html",
	urldate = {2018.01.14}
}

@inproceedings{Allen:1970:CFA:800028.808479,
	author = {Allen, Frances E.},
	title = {Control Flow Analysis},
	booktitle = {Proceedings of a Symposium on Compiler Optimization},
	year = {1970},
	location = {Urbana-Champaign, Illinois},
	pages = {1--19},
	numpages = {19},
	url = {http://doi.acm.org/10.1145/800028.808479},
	doi = {10.1145/800028.808479},
	acmid = {808479},
	publisher = {ACM},
	address = {New York, NY, USA},
} 

@MISC{boincintro,
	author = "University of California",
	title = "Overview of BOINC",
	howpublished = "University of California",
	year = 2018,
	url = "https://boinc.berkeley.edu/trac/wiki/BoincIntro",
	note = "[Online; navštívené 14.1.2018]"
}

@ONLINE{graph_testing,
	publisher = "University of Texas, Austion",
	author = {Jeff Lei},
	title = "Software Testing and Maintenance: Graph-Based Testing",
	year = 2011,
	url = "http://crystal.uta.edu/~ylei/cse4321/data/graph-testing.pdf",
	urldate = {2018.05.06},
	note = {[PDF prezentácia]}
}
@MISC{models,
	author = {{MMA Testing Team}},
	title = {Software Development Life Cycle},
	year = {2017},
	note = {[Online; navštívené 16.1.2018]},
	url = {http://www.althority.com/sdlc/}
}

@MISC{agile_manifesto,
	author = {{Kent Beck, Mike Beedle, Arie van Bennekum, Alistair Cockburn, Ward Cunningham, Martin Fowler, James Grenning, Jim Highsmith, Andrew Hunt, Ron Jeffries, Jon Kern, Brian Marick, Robert C. Martin, Steve Mellor, Ken Schwaber, Jeff Sutherland, Dave Thomas}},
	title = {Manifesto for Agile Software Development},
	year = {2001},
	note = {[Online; navštívené 16.1.2018]},
	url = {http://agilemanifesto.org/}
}

@MISC{errors,
	author = {Nick Harley},
	title = {10 of the most costly software errors in history},
	year = {2014},
	note = {[Online; navštívené 16.1.2018]},
	url = {https://raygun.com/blog/10-costly-software-errors-history/}
}

@MISC{hornicky,
	author = {{Bc. PAVOL HORNICKÝ}},
	publisher = {VYSOKÉ UČENÍ TECHNICKÉ V BRNĚ, FAKULTA INFORMAČNÍCH TECHNOLOGIÍ, VEDOUCÍ PRÁCE Ing. ALEŠ SMRČKA, Ph.D},
	title = {NÁSTROJ NA TESTOVÁNÍ SÍŤOVÝCH APLIKACÍ},
	year = {2012},
}

@BOOK{Patton,
	author = "Ron Patton",
	title = "Testování softwaru",
	publisher = "Praha : Computer Press",
	year = "2002",
	note = "ISBN 80-7226-636-5"
}

@BOOK{Myers,
	author = {{Glenford J. Myers, Tom Badgett, Corey Sandler}},
	title = "The art of software testing",
	publisher = "Hoboken, New Jersey : Wiley",
	year = "2012",
	note = "ISBN 978-1-118-03196-4"
}

@BOOK{sw_testing_foundations,
	author = {{Andreas Spillner, Tilo Linz, Hans Schaefer}},
	title = "Software testing foundations : a study guide for the certified tester exam : foundation level, ISTQB compliant",
	publisher = "Santa Barbara, CA : Rocky Nook",
	year = "2014",
	note = "ISBN 9781937538422"
}

@MISC{Beck,
	author =       "Kent Beck",
	title =        "{\it Simple Smalltalk Testing: With Patterns}",
	url =          "http://swing.fit.cvut.cz/projects/stx/doc/online/english/tools/misc/testfram.htm",
	howpublished = "FIT ČVUT v Praze",
	note =         "[Online; navštíveno 07.05.2018]"
}

@MISC{Smrcka,
	author =       "Aleš Smrčka",
	title =        "{\it Testováni a dynamicka analýza}",
	howpublished = "FIT VUT v Brně",
	note =         {[Slidy k prednáškam]}
}
