@TECHREPORT{TR_TARZAN,
	author = {Radek Hranick{\'{y}} and Luk{\'{a}}{\v{s}} Zobal and
		Vojt{\v{e}}ch Ve{\v{c}}e{\v{r}}a},
	title = "{\it Distribuovan{\'{a}} obnova hesel}",
	pages = {14},
	year = {2017},
	location = {FIT-TR-2017-04, CZ},
	language = {czech},
	url = {http://www.fit.vutbr.cz/research/view_pub.php.cs?id=11568}
}

@MISC{unittest,
	author = {{Python Software Foundation}},
	title = "{\it Unit testing framework}",
	year = 2018,
	url = "https://docs.python.org/3.6/library/unittest.html",
	note = "[Online; navštívené 14.1.2018]"
}

@MISC{boincintro,
	author = {{University of California}},
	title = "{\it Overview of BOINC}",
	howpublished = "University of California",
	year = 2018,
	url = "https://boinc.berkeley.edu/trac/wiki/BoincIntro",
	note = "[Online; navštívené 14.1.2018]"
}

@MISC{graph_testing,
	publisher = "University of Texas, Austion",
	author = {Jeff Lei},
	title = "{\it Software Testing and Maintenance: Graph-Based Testing}",
	year = 2011,
	url = "http://crystal.uta.edu/~ylei/cse4321/data/graph-testing.pdf",
	note = "[Online; navštívené 06.05.2018]"
}

@MISC{models,
	author = {{MMA Testing Team}},
	title = "{\it Software Development Life Cycle}",
	year = {2017},
	note = {[Online; navštívené 16.1.2018]},
	url = {http://www.althority.com/sdlc/}
}

@MASTERSTHESIS{hornicky,
	author = "Pavol Hornick{\'{y}}",
	title = {N{\'{a}}stroj na testov{\'{a}}n{\'{i}}
	s{\'{i}}{\v{t}}ov{\'{y}}ch aplikac{\'{i}}},
	school = {Vysok{\'{e}} u{\v{c}}en{\'{i}} technick{\'{e}} v Brn{\v{e}},
	Fakulta informa{\v{c}}n{\'{i}}ch technologi{\'{i}}},
	year = {2012},
	location = {Brno, CZ},
	language = {czech},
	url = {http://www.fit.vutbr.cz/study/DP/DP.php?id=13281}
}

@book{Patton,
	author = {Ron Patton},
	title = {\it Testování softwaru},
	publisher = {Computer Press},
	address = {Praha},
	year = {2002},
	edition = {Vyd. 1},
	ISBN = {80-7226-636-5},
}

@book{Myers,
	author = {Glenford J. Myers and Tom Badgett and Corey Sandler},
	title = {\it The art of software testing},
	publisher = {Wiley},
	address = {Hoboken, New Jersey},
	year = {2012},
	edition = {3rd ed},
	ISBN = {978-1-118-03196-4},
}
@book{sw_testing_foundations,
	author = {Andreas Spillner and Tilo Linz and Hans Schaefer},
	title = {\it Software Testing Foundations},
	subtitle = {A Study Guide for the Certified Tester Exam},
	publisher = {O'Reilly},
	year = {2014},
	edition = {4 ed},
	ISBN = {1937538427},
}

@MISC{Beck,
	author =       {Kent Beck},
	title =        "{\it Simple Smalltalk Testing: With Patterns}",
	url =          "http://swing.fit.cvut.cz/projects/stx/doc/online/english/tools/misc/testfram.htm",
	howpublished = "FIT ČVUT v Praze",
	note =         "[Online; navštíveno 07.05.2018]"
}

@MISC{Smrcka,
	author =       {Aleš Smrčka},
	title =        "{\it Testováni a dynamicka analýza}",
	howpublished = "FIT VUT v Brně",
	note =         {[Slidy k prednáškam]}
}

@MASTERSTHESIS{Mucka,
	author = {Mat{\´{u}\v{s}} Mu{\v{c}ka}},
	type = {Bakal{\'{a}}{\v{r}}sk{\'{a}} pr{\'{a}}ce},
	title = {\it Webová aplikácia na vzdialenú správu systému Fitcrack},
	school = {Vysok{\'{e}} u{\v{c}}en{\'{i}} technick{\'{e}} v Brn{\v{e}},
	Fakulta informa{\v{c}}n{\'{i}}ch technologi{\'{i}}},
	year = {2018},
	location = {Brno, CZ},
	language = {czech}
}
